<?xml version="1.0" encoding="UTF-8"?>
<record xmlns="http://www.loc.gov/MARC21/slim">
   <leader>02145cam a2200313Mi 4500</leader>
   <controlfield tag="001">1351504</controlfield>
   <controlfield tag="003">NjP</controlfield>
   <controlfield tag="005">20190705143629.0</controlfield>
   <controlfield tag="008">052281s1879    ua      r     000 0 ara d</controlfield>
   <datafield tag="024" ind1="7" ind2=" ">
      <subfield code="a">princeton_aco003967</subfield>
      <subfield code="2">local</subfield>
   </datafield>
   <datafield ind1=" " ind2=" " tag="035">
      <subfield code="a">(CStRLIN)RLINGEAC00222122-B</subfield>
   </datafield>
   <datafield ind1=" " ind2=" " tag="035">
      <subfield code="9">CDZ4996TS</subfield>
   </datafield>
   <datafield ind1=" " ind2=" " tag="040">
      <subfield code="a">LGG</subfield>
      <subfield code="c">PUL</subfield>
      <subfield code="d">OCLCG</subfield>
      <subfield code="d">PUL</subfield>
   </datafield>
   <datafield ind1=" " ind2="4" tag="050">
      <subfield code="a">BP188.G4733</subfield>
      <subfield code="b">F35 1879a</subfield>
   </datafield>
   <datafield ind1=" " ind2=" " tag="049">
      <subfield code="a">PULL</subfield>
   </datafield>
   <datafield ind1=" " ind2=" " tag="035">
      <subfield code="a">(OCoLC)ocm61740535</subfield>
   </datafield>
   <datafield ind1="1" ind2=" " tag="100">
      <subfield code="a">Fākihī, ʻAbd al-Qādir ibn Aḥmad,</subfield>
      <subfield code="d">1514 or 1515-1574 or 1575.</subfield>
      <subfield code="0">http://id.loc.gov/authorities/names/nr94026786</subfield>
   </datafield>
   <datafield ind1="1" ind2="0" tag="240">
      <subfield code="a">Kifāyah fī sharḥ Bidāyat al-hidāyah</subfield>
   </datafield>
   <datafield ind1="1" ind2="0" tag="245">
      <subfield code="a">Sharḥ al-imām al-ʻallāmah wa-al-ḥabr al-baḥr al-fahhāmah al-Shaykh ʻAbd al-Qādir ibn Aḥmad al-Fākihī al-musammá al-Kifāyah fī sharḥ Bidāyat al-hidāyah li-Ḥujjat al-Islām al-Ghazzālī. Wa-bi-hāmishihi Sharḥ ʻaqīdat al-Imām al-Ghazzālī ayḍan li-muʼallifihi Abī al-ʻAbbās Aḥmad ibn Aḥmad ibn Muḥammad al-Burnusī al-shahīr bi-al-Shaykh Zarrūq al-Fāsī al-Shādhilī thumma yutawwalu bi-al-hāmish ayḍan Sharḥ ʻaqīdat al-Imām al-Yāfiʻī li-Muḥammad ibn ʻUmar al-shahīr bi-al-Shaykh Baḥraq al-Ḥaḍramī.</subfield>
   </datafield>
   <datafield ind1="3" ind2="0" tag="246">
      <subfield code="a">Sharḥ ʻAbd al-Qādir ibn Aḥmad al-Fākihī al-musammá al-Kifāyah fī sharḥ Bidāyat al-hidāyah li-Ḥujjat al-Islām al-Ghazzālī</subfield>
   </datafield>
   <datafield ind1=" " ind2=" " tag="260">
      <subfield code="a">[Cairo,</subfield>
      <subfield code="c">1879].</subfield>
   </datafield>
   <datafield ind1=" " ind2=" " tag="300">
      <subfield code="a">164 p.</subfield>
   </datafield>
   <datafield ind1=" " ind2=" " tag="533">
      <subfield code="a">Photocopy.</subfield>
      <subfield code="b">London :</subfield>
      <subfield code="c">British Library Reproductions,</subfield>
      <subfield code="d">2005.</subfield>
      <subfield code="7">s2005    enkn r</subfield>
   </datafield>
   <datafield ind1="0" ind2="0" tag="600">
      <subfield code="a">Ghazzālī,</subfield>
      <subfield code="d">1058-1111.</subfield>
      <subfield code="t">Bidāyat al-hidāyah.</subfield>
   </datafield>
   <datafield ind1=" " ind2="0" tag="650">
      <subfield code="a">Religious life</subfield>
      <subfield code="x">Islam</subfield>
      <subfield code="v">Early works to 1800.</subfield>
      <subfield code="0">http://id.loc.gov/authorities/subjects/sh86008165</subfield>
   </datafield>
   <datafield ind1=" " ind2="0" tag="650">
      <subfield code="a">Islam</subfield>
      <subfield code="x">Customs and practices</subfield>
      <subfield code="v">Early works to 1800.</subfield>
      <subfield code="0">http://id.loc.gov/authorities/subjects/sh2008104961</subfield>
   </datafield>
   <datafield ind1="1" ind2=" " tag="700">
      <subfield code="a">Zarrūq, Aḥmad ibn Aḥmad,</subfield>
      <subfield code="d">-1493.</subfield>
      <subfield code="t">Sharḥ ʻaqīdat al-Imām al-Ghazzālī.</subfield>
      <subfield code="0">http://id.loc.gov/authorities/names/n79077373</subfield>
   </datafield>
   <datafield ind1="1" ind2=" " tag="700">
      <subfield code="a">Baḥraq, Muḥammad ibn ʻUmar,</subfield>
      <subfield code="d">1465-1524.</subfield>
      <subfield code="t">Sharḥ ʻaqīdat al-Imām al-Yāfiʻī.</subfield>
      <subfield code="0">http://id.loc.gov/authorities/names/n86801476</subfield>
   </datafield>
   <datafield ind1=" " ind2=" " tag="994">
      <subfield code="a">C0</subfield>
      <subfield code="b">PUL</subfield>
   </datafield>
   <datafield ind1=" " ind2=" " tag="999">
      <subfield code="a">1351504</subfield>
   </datafield>
   <datafield ind1=" " ind2=" " tag="979">
      <subfield code="a">(OCoLC)ocn701719499</subfield>
   </datafield>
   <datafield ind1="0" ind2="0" tag="852">
      <subfield code="0">1552060</subfield>
      <subfield code="b">rcppa</subfield>
      <subfield code="h">BP188.G4733</subfield>
      <subfield code="i">F35 1879a</subfield>
      <subfield code="t">0</subfield>
      <subfield code="x">tr fr nec</subfield>
   </datafield>
   <datafield ind1=" " ind2=" " tag="959">
      <subfield code="a">2000-06-13 00:00:00 -0400</subfield>
   </datafield>
</record>
